%skesmpler på brug af bog og hjemmeside   

@BOOK{Laudon1999,
  title = {Information Systems and the Internet: A Problem-Solving Approach},
  publisher = {The Dryden Press, Fort Worth},
  year = {1999},
  author = {Kenneth C. Laudon and Jane P. Laudon},
  pages = {1-31},
  edition = {4th},
  timestamp = {2013.10.30}
}

@BOOK{OOA&D2001,
  title = {Objekt Orienteret Analyse \& Design},
  publisher = {Marko},
  year = {2001},
  author = {{Lars Mathiassen}{, Andreas Munk-Madsen}{, Peter Axel Nielsen}{, Jan Stage}},
  edition = {3rd edition},
  timestamp = {2014.09.01}
}
@misc{SOTA_MP1,
  title = {Lette fødevareindkøb vinder frem},
  url = {http://www.business.dk/detailhandel/lette-foedevareindkoeb-vinder-frem},
  urldate = {2014-10-09},
  year = {2013},
  author = {{Mads Nyborg Anneberg}}
}
@misc{SOTA_MP_SB,
  title = {Online Supermarked},
  url = {http://www.superbest.dk/online-supermarked},
  urldate = {2014-10-09},
  year = {2014},
  author = {{SuperBest}}
}
@misc{SOTA_MP_IRMA,
  title = {Online Supermarked - Dagligvarer på nettet},
  url = {http://irma.dk},
  urldate = {2014-10-09},
  year = {2014},
  author = {{Irma}}
}
@misc{SOTA_MP_OSUMA,
  title = {OSUMA.DK},
  url = {http://osuma.dk},
  urldate = {2014-10-09},
  year = {2014},
  author = {{Osuma}}
}
@misc{SOTA_MP_NEMLIG,
  title = {Nemlig.com},
  url = {http://nemlig.com},
  urldate = {2014-10-09},
  year = {2014},
  author = {{Nemlig.com}}
}
@misc{SOTA_MP_AAR,
  title = {Aarstiderne},
  url = {http://arrstiderne.dk},
  urldate = {2014-10-09},
  year = {2014},
  author = {{Aarstiderne}}
}

@misc{BoatCloud,
  title = {BoatCloud},
  url = {http://www.boatcloud.com/clubhub.htm},
  urldate = {2014-02-13},
  year = {2014},
  author = {{Anderson Software}}
}
 